@online{foamdoc,
  author = {OpenFOAM, Foundation},
  title = {OpenFOAM Documentation},
  url = {https://www.openfoam.com/documentation/user-guide},
  urldate = {2023-09-16},
  year = {2023}
}

@article{shih1995new,
  title={A new k-Ïµ eddy viscosity model for high reynolds number turbulent flows},
  author={Shih, Tsan-Hsing and Liou, William W and Shabbir, Aamir and Yang, Zhigang and Zhu, Jiang},
  journal={Computers \& fluids},
  volume={24},
  number={3},
  pages={227--238},
  year={1995},
  publisher={Elsevier}
}
@article{viscondi2016geraccao,
  title={Gera{\c{c}}{\~a}o termoel{\'e}trica e emiss{\~o}es atmosf{\'e}ricas: poluentes e sistemas de controle},
  author={Viscondi, G de F and Silva, AF and Cunha, KB},
  journal={S{\~a}o Paulo: IEMA},
  year={2016}
}

@article{council2023disponivel,
  title={Dispon{\'\i}vel em:https://gwec.net},
  author={Council, GWEC Global Wind Energy},
  journal={Acesso em},
  volume={},
  year={2023}
}